<?xml version="1.0" encoding="UTF-8"?><record xmlns="http://www.loc.gov/MARC21/slim" xmlns:cinclude="http://apache.org/cocoon/include/1.0" xmlns:zs="http://www.loc.gov/zing/srw/">
  <leader>00339nz  a2200121n  4500</leader>
  <controlfield tag="001">nr 97025786 </controlfield>
  <controlfield tag="003">DLC</controlfield>
  <controlfield tag="005">19970724051953.6</controlfield>
  <controlfield tag="008">970722n| acannaab|          |n aaa     c</controlfield>
  <datafield tag="010" ind1=" " ind2=" ">
    <subfield code="a">nr 97025786 </subfield>
  </datafield>
  <datafield tag="040" ind1=" " ind2=" ">
    <subfield code="a">NjP</subfield>
    <subfield code="c">NjP</subfield>
  </datafield>
  <datafield tag="100" ind1="1" ind2="0">
    <subfield code="a">Errera, Isabelle</subfield>
  </datafield>
  <datafield tag="670" ind1=" " ind2=" ">
    <subfield code="a">Catalogue d'e휍혖toffes anciennes et modernes d'e휍혖crites, 1927:</subfield>
    <subfield code="b">t.p. (Isabelle Errera)</subfield>
  </datafield>
</record>